<record><leader>00000cas a2200000 a 4500</leader><controlfield tag="001">33286956</controlfield><controlfield tag="008">951012d18741911nbuwr ne      0   a0eng d</controlfield><datafield ind1=" " ind2=" " tag="010"><subfield code="a">sn 95073194 </subfield></datafield><datafield ind1=" " ind2=" " tag="040"><subfield code="a">NVG</subfield><subfield code="b">eng</subfield><subfield code="c">NVG</subfield><subfield code="d">OCL</subfield><subfield code="d">OCLCQ</subfield><subfield code="d">DLC</subfield><subfield code="d">OCLCF</subfield><subfield code="d">DLC</subfield></datafield><datafield ind1="0" ind2=" " tag="022"><subfield code="a">2332-984X</subfield><subfield code="2">1</subfield></datafield><datafield ind1=" " ind2=" " tag="042"><subfield code="a">msc</subfield><subfield code="a">nsdp</subfield></datafield><datafield ind1=" " ind2=" " tag="043"><subfield code="a">n-us-nb</subfield></datafield><datafield ind1="0" ind2="0" tag="050"><subfield code="a">Newspaper</subfield></datafield><datafield ind1="0" ind2="0" tag="082"><subfield code="a">071</subfield><subfield code="2">23</subfield></datafield><datafield ind1="0" ind2=" " tag="130"><subfield code="a">Columbus journal (Columbus, Neb.)</subfield></datafield><datafield ind1=" " ind2="4" tag="222"><subfield code="a">The Columbus journal</subfield><subfield code="b">(Columbus, Neb. Print)</subfield></datafield><datafield ind1="1" ind2="4" tag="245"><subfield code="a">The Columbus journal.</subfield></datafield><datafield ind1=" " ind2=" " tag="260"><subfield code="a">Columbus, Neb. :</subfield><subfield code="b">M.K. Turner &amp; Co.,</subfield><subfield code="c">1874-1911.</subfield></datafield><datafield ind1=" " ind2=" " tag="300"><subfield code="a">39 v.</subfield></datafield><datafield ind1=" " ind2=" " tag="310"><subfield code="a">Weekly</subfield></datafield><datafield ind1="0" ind2=" " tag="362"><subfield code="a">Vol. 4, no. 45 (Mar. 18, 1874)-42nd year, no. 7 (May 17, 1911) = whole no. 201-whole no. 2,060.</subfield></datafield><datafield ind1=" " ind2=" " tag="530"><subfield code="a">Archived issues are available in digital format as part of the Library of Congress Chronicling America online collection.</subfield></datafield><datafield ind1=" " ind2=" " tag="580"><subfield code="a">Absorbed: Columbus times (Columbus, Neb.), Apr. 1904, and: Platte County argus (Columbus, Neb.), Jan. 1906.</subfield></datafield><datafield ind1=" " ind2=" " tag="580"><subfield code="a">Merged with: Columbus tribune, to form: Columbus tribune-journal.</subfield></datafield><datafield ind1=" " ind2="0" tag="651"><subfield code="a">Columbus (Neb.)</subfield><subfield code="v">Newspapers.</subfield></datafield><datafield ind1=" " ind2="0" tag="651"><subfield code="a">Platte County (Neb.)</subfield><subfield code="v">Newspapers.</subfield></datafield><datafield ind1=" " ind2="7" tag="651"><subfield code="a">Nebraska</subfield><subfield code="z">Columbus.</subfield><subfield code="2">fast</subfield><subfield code="0">(OCoLC)fst01220931</subfield></datafield><datafield ind1=" " ind2="7" tag="651"><subfield code="a">Nebraska</subfield><subfield code="z">Platte County.</subfield><subfield code="2">fast</subfield><subfield code="0">(OCoLC)fst01212384</subfield></datafield><datafield ind1=" " ind2="7" tag="655"><subfield code="a">Newspapers.</subfield><subfield code="2">fast</subfield><subfield code="0">(OCoLC)fst01423814</subfield></datafield><datafield ind1=" " ind2=" " tag="752"><subfield code="a">United States</subfield><subfield code="b">Nebraska</subfield><subfield code="c">Platte</subfield><subfield code="d">Columbus.</subfield></datafield><datafield ind1="0" ind2="8" tag="776"><subfield code="i">Online version:</subfield><subfield code="t">Columbus journal (Columbus, Neb. : Online)</subfield><subfield code="x">2332-9858</subfield><subfield code="w">(DLC)  2013271992</subfield><subfield code="w">(OCoLC)732734219</subfield></datafield><datafield ind1="0" ind2="0" tag="780"><subfield code="t">Platte journal</subfield><subfield code="w">(DLC)sn 84031555</subfield><subfield code="w">(OCoLC)11229839</subfield></datafield><datafield ind1="1" ind2="5" tag="780"><subfield code="t">Columbus times (Columbus, Neb.)</subfield></datafield><datafield ind1="1" ind2="5" tag="780"><subfield code="t">Platte County argus (Columbus, Neb.)</subfield></datafield><datafield ind1="1" ind2="7" tag="785"><subfield code="t">Columbus tribune</subfield></datafield><datafield ind1="1" ind2="7" tag="785"><subfield code="t">Columbus tribune-journal</subfield><subfield code="w">(DLC)  2013271991</subfield><subfield code="w">(OCoLC)868985997</subfield></datafield><datafield ind1="4" ind2="1" tag="856"><subfield code="u">http://www.loc.gov/chroniclingamerica/lccn/sn95073194/issues</subfield></datafield><datafield ind1="1" ind2=" " tag="029"><subfield code="a">AU@</subfield><subfield code="b">000022176968</subfield></datafield></record>